
@UNPUBLISHED{RooUnfold, 
   AUTHOR        = "T. Adye",
   TITLE         = "Unfolding algorithms and tests using {RooUnfold}",
   YEAR          = "2011",
   archivePrefix = "arXiv",
   eprint        = "1105.1160",
   JOURNAL       = "Proceedings of the PHYSTAT 2011 Workshop",
   DOI           = "10.5170/CERN-2011-006",
   reportNumber   = "CERN-2011-006",
}

@INPROCEEDINGS{ROOT,
   AUTHOR= "Brun, Rene and Rademakers, Fons", 
   TITLE = "{ROOT} - An Object Oriented Data Analysis Framework", 
   JOURNAL = "Nucl. Inst. & Meth. in Phys. Res.",
   VOLUME = "A 389",
   YEAR= "1997",
   PAGES=" 81--86",
   URL="https://root.cern.ch/"
}

@Article{SVD,
      author         = "Hocker, Andreas and Kartvelishvili, Vakhtang",
      title          = "{SVD approach to data unfolding}",
      journal        = "Nucl. Instrum. Meth. A",
      volume         = "372",
      pages          = "469",
      year           = "1996",
      doi            = "10.1016/0168-9002(95)01478-0",
}

@book{Cowan, 
        author = {Cowan, Glen}, 
        title = "Statistical Data Analysis", 
        publisher = "Clarendon (Oxford)", 
        address = "Oxford", 
        year = "1998", 
	ISBN = "0-19-850156-0 or 0-19-850155-2",
}

@inproceedings{Cowan:unfolding,
    author = {Cowan, Glen},
    citeulike-article-id = {3748316},
    citeulike-linkout-0 = {http://www.ippp.dur.ac.uk/Workshops/02/statistics/proceedings//cowan.pdf},
    journal = {Advanced Statistical Techniques in Particle Physics},
    title = {{A survey of unfolding methods for particle physics}},
    url = {http://www.ippp.dur.ac.uk/Workshops/02/statistics/proceedings//cowan.pdf},
    year = {2002},
}

@ARTICLE{dAgostini,
   AUTHOR        = "G. D'Agostini",
   TITLE         = "{A multidimensional unfolding method based on {Bayes'} theorem}",
   JOURNAL       = "Nucl. Instrum. Meth. A",
   VOLUME        = "362",
   PAGES         = "487",
   YEAR          = "1995",
   DOI           = "10.1016/0168-9002(95)00274-X"
}


@ARTICLE{dAgostini2,
    author = {{D'Agostini}, G.},
    title = "{Improved iterative Bayesian unfolding}",
    journal = {ArXiv e-prints},
    archivePrefix = "arXiv",
    eprint = {1010.0632},
    primaryClass = "physics.data-an",
    year = {2010},
    month = "oct",
    adsurl = {http://adsabs.harvard.edu/abs/2010arXiv1010.0632D},
}
